<record><leader>00000cas a22000007a 4500</leader><controlfield tag="001">39656863</controlfield><controlfield tag="008">980807d1uuu1905sduwr ne      0   a0eng d</controlfield><datafield ind1=" " ind2=" " tag="010"><subfield code="a">sn 98069062 </subfield></datafield><datafield ind1=" " ind2=" " tag="040"><subfield code="a">SXN</subfield><subfield code="b">eng</subfield><subfield code="c">SXN</subfield><subfield code="d">OCLCQ</subfield><subfield code="d">OCLCO</subfield></datafield><datafield ind1="1" ind2=" " tag="029"><subfield code="a">AU@</subfield><subfield code="b">000014122537</subfield></datafield><datafield ind1=" " ind2=" " tag="042"><subfield code="a">msc</subfield></datafield><datafield ind1=" " ind2=" " tag="043"><subfield code="a">n-us-sd</subfield></datafield><datafield ind1="0" ind2="0" tag="245"><subfield code="a">Weekly South Dakota vindicator.</subfield></datafield><datafield ind1="3" ind2="0" tag="246"><subfield code="a">South Dakota weekly vindicator</subfield></datafield><datafield ind1=" " ind2=" " tag="260"><subfield code="a">Garretson, Minnehaha County, S.D. :</subfield><subfield code="b">Bagley &amp; Bagley</subfield></datafield><datafield ind1=" " ind2=" " tag="300"><subfield code="a">v.</subfield></datafield><datafield ind1=" " ind2=" " tag="310"><subfield code="a">Weekly</subfield></datafield><datafield ind1="0" ind2=" " tag="362"><subfield code="a">-6th year, no. 52 (July 29, 1904) ; v. 7, no. 1 (Aug. 5, 1904)-v. 8, no. 6 (Sept. 8, 1905).</subfield></datafield><datafield ind1=" " ind2=" " tag="530"><subfield code="a">Available on microfilm from: State Archives, South Dakota State Historical Society.</subfield></datafield><datafield ind1=" " ind2=" " tag="588"><subfield code="a">Description based on: 5th year, no. 49 (July 10, 1903).</subfield></datafield><datafield ind1=" " ind2="0" tag="651"><subfield code="a">Garretson (S.D.)</subfield><subfield code="v">Newspapers.</subfield></datafield><datafield ind1=" " ind2="0" tag="651"><subfield code="a">Sherman (S.D.)</subfield><subfield code="v">Newspapers.</subfield></datafield><datafield ind1=" " ind2="0" tag="651"><subfield code="a">Minnehaha County (S.D.)</subfield><subfield code="v">Newspapers.</subfield></datafield><datafield ind1=" " ind2=" " tag="752"><subfield code="a">United States</subfield><subfield code="b">South Dakota</subfield><subfield code="c">Minnehaha</subfield><subfield code="d">Garretson.</subfield></datafield><datafield ind1="0" ind2="5" tag="780"><subfield code="t">Progress (Garretson, S.D.)</subfield></datafield><datafield ind1="0" ind2="4" tag="785"><subfield code="t">Garretson news (Garretson, S.D.)</subfield><subfield code="w">(DLC)sn 98069057</subfield></datafield></record>